%YAML 1.1
%TAG !u! tag:unity3d.com,2011:
--- !u!1 &6809932364696675396
GameObject:
  m_ObjectHideFlags: 0
  m_CorrespondingSourceObject: {fileID: 0}
  m_PrefabInstance: {fileID: 0}
  m_PrefabAsset: {fileID: 0}
  serializedVersion: 6
  m_Component:
  - component: {fileID: 5774336578592603698}
  - component: {fileID: 1672974292435780519}
  - component: {fileID: 1851042638792828948}
  - component: {fileID: 8205076819487105348}
  - component: {fileID: 733861904471035826}
  m_Layer: 0
  m_Name: TentaBomba
  m_TagString: Bullets
  m_Icon: {fileID: 0}
  m_NavMeshLayer: 0
  m_StaticEditorFlags: 0
  m_IsActive: 1
--- !u!4 &5774336578592603698
Transform:
  m_ObjectHideFlags: 0
  m_CorrespondingSourceObject: {fileID: 0}
  m_PrefabInstance: {fileID: 0}
  m_PrefabAsset: {fileID: 0}
  m_GameObject: {fileID: 6809932364696675396}
  m_LocalRotation: {x: 0, y: 0, z: 0, w: 1}
  m_LocalPosition: {x: 0, y: 0, z: 0}
  m_LocalScale: {x: 0.06, y: 0.06, z: 0.06}
  m_Children:
  - {fileID: 4994252080224146018}
  - {fileID: 5159194576306486666}
  - {fileID: 6184543281515168276}
  m_Father: {fileID: 0}
  m_RootOrder: 0
  m_LocalEulerAnglesHint: {x: 0, y: 0, z: 0}
--- !u!212 &1672974292435780519
SpriteRenderer:
  m_ObjectHideFlags: 0
  m_CorrespondingSourceObject: {fileID: 0}
  m_PrefabInstance: {fileID: 0}
  m_PrefabAsset: {fileID: 0}
  m_GameObject: {fileID: 6809932364696675396}
  m_Enabled: 1
  m_CastShadows: 0
  m_ReceiveShadows: 0
  m_DynamicOccludee: 1
  m_MotionVectors: 1
  m_LightProbeUsage: 1
  m_ReflectionProbeUsage: 1
  m_RayTracingMode: 0
  m_RayTraceProcedural: 0
  m_RenderingLayerMask: 1
  m_RendererPriority: 0
  m_Materials:
  - {fileID: 10754, guid: 0000000000000000f000000000000000, type: 0}
  m_StaticBatchInfo:
    firstSubMesh: 0
    subMeshCount: 0
  m_StaticBatchRoot: {fileID: 0}
  m_ProbeAnchor: {fileID: 0}
  m_LightProbeVolumeOverride: {fileID: 0}
  m_ScaleInLightmap: 1
  m_ReceiveGI: 1
  m_PreserveUVs: 0
  m_IgnoreNormalsForChartDetection: 0
  m_ImportantGI: 0
  m_StitchLightmapSeams: 1
  m_SelectedEditorRenderState: 0
  m_MinimumChartSize: 4
  m_AutoUVMaxDistance: 0.5
  m_AutoUVMaxAngle: 89
  m_LightmapParameters: {fileID: 0}
  m_SortingLayerID: 0
  m_SortingLayer: 0
  m_SortingOrder: 0
  m_Sprite: {fileID: 21300000, guid: f9af734641d81d34ba87ad2dc3fd8912, type: 3}
  m_Color: {r: 1, g: 1, b: 1, a: 1}
  m_FlipX: 0
  m_FlipY: 0
  m_DrawMode: 0
  m_Size: {x: 2.56, y: 2.56}
  m_AdaptiveModeThreshold: 0.5
  m_SpriteTileMode: 0
  m_WasSpriteAssigned: 1
  m_MaskInteraction: 0
  m_SpriteSortPoint: 0
--- !u!50 &1851042638792828948
Rigidbody2D:
  serializedVersion: 4
  m_ObjectHideFlags: 0
  m_CorrespondingSourceObject: {fileID: 0}
  m_PrefabInstance: {fileID: 0}
  m_PrefabAsset: {fileID: 0}
  m_GameObject: {fileID: 6809932364696675396}
  m_BodyType: 0
  m_Simulated: 1
  m_UseFullKinematicContacts: 0
  m_UseAutoMass: 0
  m_Mass: 1
  m_LinearDrag: 0
  m_AngularDrag: 0.05
  m_GravityScale: 0
  m_Material: {fileID: 0}
  m_Interpolate: 0
  m_SleepingMode: 1
  m_CollisionDetection: 0
  m_Constraints: 0
--- !u!114 &8205076819487105348
MonoBehaviour:
  m_ObjectHideFlags: 0
  m_CorrespondingSourceObject: {fileID: 0}
  m_PrefabInstance: {fileID: 0}
  m_PrefabAsset: {fileID: 0}
  m_GameObject: {fileID: 6809932364696675396}
  m_Enabled: 1
  m_EditorHideFlags: 0
  m_Script: {fileID: 11500000, guid: 651041145c342044c832d284f180efbf, type: 3}
  m_Name: 
  m_EditorClassIdentifier: 
  rigidbody2D: {fileID: 1851042638792828948}
  damage: 10
  speed: 5
  spark: {fileID: 1557305948958570679, guid: be25219a118829b49aeea966beb82630, type: 3}
--- !u!58 &733861904471035826
CircleCollider2D:
  m_ObjectHideFlags: 0
  m_CorrespondingSourceObject: {fileID: 0}
  m_PrefabInstance: {fileID: 0}
  m_PrefabAsset: {fileID: 0}
  m_GameObject: {fileID: 6809932364696675396}
  m_Enabled: 1
  m_Density: 1
  m_Material: {fileID: 0}
  m_IsTrigger: 1
  m_UsedByEffector: 0
  m_UsedByComposite: 0
  m_Offset: {x: 0, y: 0}
  serializedVersion: 2
  m_Radius: 1.28
--- !u!1001 &43198637387450237
PrefabInstance:
  m_ObjectHideFlags: 0
  serializedVersion: 2
  m_Modification:
    m_TransformParent: {fileID: 5774336578592603698}
    m_Modifications:
    - target: {fileID: 4599454258328546866, guid: 27f8546f49002a54e9559feffe94ca8c, type: 3}
      propertyPath: m_Name
      value: 'Tentacle '
      objectReference: {fileID: 0}
    - target: {fileID: 5032312029491664159, guid: 27f8546f49002a54e9559feffe94ca8c, type: 3}
      propertyPath: m_RootOrder
      value: 0
      objectReference: {fileID: 0}
    - target: {fileID: 5032312029491664159, guid: 27f8546f49002a54e9559feffe94ca8c, type: 3}
      propertyPath: m_LocalPosition.x
      value: 0
      objectReference: {fileID: 0}
    - target: {fileID: 5032312029491664159, guid: 27f8546f49002a54e9559feffe94ca8c, type: 3}
      propertyPath: m_LocalPosition.y
      value: 0
      objectReference: {fileID: 0}
    - target: {fileID: 5032312029491664159, guid: 27f8546f49002a54e9559feffe94ca8c, type: 3}
      propertyPath: m_LocalPosition.z
      value: 0
      objectReference: {fileID: 0}
    - target: {fileID: 5032312029491664159, guid: 27f8546f49002a54e9559feffe94ca8c, type: 3}
      propertyPath: m_LocalRotation.w
      value: 0.7071068
      objectReference: {fileID: 0}
    - target: {fileID: 5032312029491664159, guid: 27f8546f49002a54e9559feffe94ca8c, type: 3}
      propertyPath: m_LocalRotation.x
      value: 0
      objectReference: {fileID: 0}
    - target: {fileID: 5032312029491664159, guid: 27f8546f49002a54e9559feffe94ca8c, type: 3}
      propertyPath: m_LocalRotation.y
      value: 0
      objectReference: {fileID: 0}
    - target: {fileID: 5032312029491664159, guid: 27f8546f49002a54e9559feffe94ca8c, type: 3}
      propertyPath: m_LocalRotation.z
      value: -0.7071068
      objectReference: {fileID: 0}
    - target: {fileID: 5032312029491664159, guid: 27f8546f49002a54e9559feffe94ca8c, type: 3}
      propertyPath: m_LocalEulerAnglesHint.x
      value: 0
      objectReference: {fileID: 0}
    - target: {fileID: 5032312029491664159, guid: 27f8546f49002a54e9559feffe94ca8c, type: 3}
      propertyPath: m_LocalEulerAnglesHint.y
      value: 0
      objectReference: {fileID: 0}
    - target: {fileID: 5032312029491664159, guid: 27f8546f49002a54e9559feffe94ca8c, type: 3}
      propertyPath: m_LocalEulerAnglesHint.z
      value: -90
      objectReference: {fileID: 0}
    m_RemovedComponents: []
  m_SourcePrefab: {fileID: 100100000, guid: 27f8546f49002a54e9559feffe94ca8c, type: 3}
--- !u!4 &4994252080224146018 stripped
Transform:
  m_CorrespondingSourceObject: {fileID: 5032312029491664159, guid: 27f8546f49002a54e9559feffe94ca8c, type: 3}
  m_PrefabInstance: {fileID: 43198637387450237}
  m_PrefabAsset: {fileID: 0}
--- !u!1001 &166484756624058517
PrefabInstance:
  m_ObjectHideFlags: 0
  serializedVersion: 2
  m_Modification:
    m_TransformParent: {fileID: 5774336578592603698}
    m_Modifications:
    - target: {fileID: 4599454258328546866, guid: 27f8546f49002a54e9559feffe94ca8c, type: 3}
      propertyPath: m_Name
      value: Tentacle  (1)
      objectReference: {fileID: 0}
    - target: {fileID: 5032312029491664159, guid: 27f8546f49002a54e9559feffe94ca8c, type: 3}
      propertyPath: m_RootOrder
      value: 1
      objectReference: {fileID: 0}
    - target: {fileID: 5032312029491664159, guid: 27f8546f49002a54e9559feffe94ca8c, type: 3}
      propertyPath: m_LocalPosition.x
      value: 0
      objectReference: {fileID: 0}
    - target: {fileID: 5032312029491664159, guid: 27f8546f49002a54e9559feffe94ca8c, type: 3}
      propertyPath: m_LocalPosition.y
      value: 0
      objectReference: {fileID: 0}
    - target: {fileID: 5032312029491664159, guid: 27f8546f49002a54e9559feffe94ca8c, type: 3}
      propertyPath: m_LocalPosition.z
      value: 0
      objectReference: {fileID: 0}
    - target: {fileID: 5032312029491664159, guid: 27f8546f49002a54e9559feffe94ca8c, type: 3}
      propertyPath: m_LocalRotation.w
      value: -0.25881898
      objectReference: {fileID: 0}
    - target: {fileID: 5032312029491664159, guid: 27f8546f49002a54e9559feffe94ca8c, type: 3}
      propertyPath: m_LocalRotation.x
      value: -0
      objectReference: {fileID: 0}
    - target: {fileID: 5032312029491664159, guid: 27f8546f49002a54e9559feffe94ca8c, type: 3}
      propertyPath: m_LocalRotation.y
      value: 0
      objectReference: {fileID: 0}
    - target: {fileID: 5032312029491664159, guid: 27f8546f49002a54e9559feffe94ca8c, type: 3}
      propertyPath: m_LocalRotation.z
      value: -0.96592593
      objectReference: {fileID: 0}
    - target: {fileID: 5032312029491664159, guid: 27f8546f49002a54e9559feffe94ca8c, type: 3}
      propertyPath: m_LocalEulerAnglesHint.x
      value: 0
      objectReference: {fileID: 0}
    - target: {fileID: 5032312029491664159, guid: 27f8546f49002a54e9559feffe94ca8c, type: 3}
      propertyPath: m_LocalEulerAnglesHint.y
      value: 0
      objectReference: {fileID: 0}
    - target: {fileID: 5032312029491664159, guid: 27f8546f49002a54e9559feffe94ca8c, type: 3}
      propertyPath: m_LocalEulerAnglesHint.z
      value: -210
      objectReference: {fileID: 0}
    m_RemovedComponents: []
  m_SourcePrefab: {fileID: 100100000, guid: 27f8546f49002a54e9559feffe94ca8c, type: 3}
--- !u!4 &5159194576306486666 stripped
Transform:
  m_CorrespondingSourceObject: {fileID: 5032312029491664159, guid: 27f8546f49002a54e9559feffe94ca8c, type: 3}
  m_PrefabInstance: {fileID: 166484756624058517}
  m_PrefabAsset: {fileID: 0}
--- !u!1001 &1154527307323086603
PrefabInstance:
  m_ObjectHideFlags: 0
  serializedVersion: 2
  m_Modification:
    m_TransformParent: {fileID: 5774336578592603698}
    m_Modifications:
    - target: {fileID: 4599454258328546866, guid: 27f8546f49002a54e9559feffe94ca8c, type: 3}
      propertyPath: m_Name
      value: Tentacle  (2)
      objectReference: {fileID: 0}
    - target: {fileID: 5032312029491664159, guid: 27f8546f49002a54e9559feffe94ca8c, type: 3}
      propertyPath: m_RootOrder
      value: 2
      objectReference: {fileID: 0}
    - target: {fileID: 5032312029491664159, guid: 27f8546f49002a54e9559feffe94ca8c, type: 3}
      propertyPath: m_LocalPosition.x
      value: 0
      objectReference: {fileID: 0}
    - target: {fileID: 5032312029491664159, guid: 27f8546f49002a54e9559feffe94ca8c, type: 3}
      propertyPath: m_LocalPosition.y
      value: 0
      objectReference: {fileID: 0}
    - target: {fileID: 5032312029491664159, guid: 27f8546f49002a54e9559feffe94ca8c, type: 3}
      propertyPath: m_LocalPosition.z
      value: 0
      objectReference: {fileID: 0}
    - target: {fileID: 5032312029491664159, guid: 27f8546f49002a54e9559feffe94ca8c, type: 3}
      propertyPath: m_LocalRotation.w
      value: 0.9659258
      objectReference: {fileID: 0}
    - target: {fileID: 5032312029491664159, guid: 27f8546f49002a54e9559feffe94ca8c, type: 3}
      propertyPath: m_LocalRotation.x
      value: 0
      objectReference: {fileID: 0}
    - target: {fileID: 5032312029491664159, guid: 27f8546f49002a54e9559feffe94ca8c, type: 3}
      propertyPath: m_LocalRotation.y
      value: 0
      objectReference: {fileID: 0}
    - target: {fileID: 5032312029491664159, guid: 27f8546f49002a54e9559feffe94ca8c, type: 3}
      propertyPath: m_LocalRotation.z
      value: 0.2588191
      objectReference: {fileID: 0}
    - target: {fileID: 5032312029491664159, guid: 27f8546f49002a54e9559feffe94ca8c, type: 3}
      propertyPath: m_LocalEulerAnglesHint.x
      value: 0
      objectReference: {fileID: 0}
    - target: {fileID: 5032312029491664159, guid: 27f8546f49002a54e9559feffe94ca8c, type: 3}
      propertyPath: m_LocalEulerAnglesHint.y
      value: 0
      objectReference: {fileID: 0}
    - target: {fileID: 5032312029491664159, guid: 27f8546f49002a54e9559feffe94ca8c, type: 3}
      propertyPath: m_LocalEulerAnglesHint.z
      value: 30
      objectReference: {fileID: 0}
    m_RemovedComponents: []
  m_SourcePrefab: {fileID: 100100000, guid: 27f8546f49002a54e9559feffe94ca8c, type: 3}
--- !u!4 &6184543281515168276 stripped
Transform:
  m_CorrespondingSourceObject: {fileID: 5032312029491664159, guid: 27f8546f49002a54e9559feffe94ca8c, type: 3}
  m_PrefabInstance: {fileID: 1154527307323086603}
  m_PrefabAsset: {fileID: 0}
